<?xml version="1.0" encoding="UTF-8"?><collection xmlns="http://www.loc.gov/MARC21/slim"><record><leader>00567nam--2200181-i-4500</leader><controlfield tag="001">000033502</controlfield><controlfield tag="002">20161230</controlfield><controlfield tag="005">20161230201039</controlfield><controlfield tag="008">060222s1000------------r-----000-0-eng-d</controlfield><datafield ind1=" " ind2=" " tag="040"><subfield code="a">IFIN-HH</subfield></datafield><datafield ind1=" " ind2=" " tag="080"><subfield code="a">519.283</subfield></datafield><datafield ind1="1" ind2=" " tag="100"><subfield code="a">Meyer, Herbert A</subfield></datafield><datafield ind1="1" ind2="0" tag="245"><subfield code="a">Symposium on monte carlo methods. held at the university of florida march 16 and 17, 1954</subfield><subfield code="c">Herbert a. meyer (ed.)</subfield></datafield><datafield ind1=" " ind2=" " tag="260"><subfield code="a">New York</subfield><subfield code="b">John Wiley &amp; Sons, Inc</subfield><subfield code="c">1956</subfield></datafield><datafield ind1=" " ind2=" " tag="300"><subfield code="a">XVI + 382P</subfield></datafield><datafield ind1=" " ind2=" " tag="490"><subfield code="a">Wiley Publication In Applied Statistics</subfield></datafield><datafield ind1=" " ind2=" " tag="852"><subfield code="a">12171</subfield><subfield code="c">519.283</subfield></datafield><datafield ind1=" " ind2=" " tag="CAT"><subfield code="a">Sys</subfield><subfield code="c">20130806</subfield><subfield code="h">111937</subfield></datafield></record></collection>